@article{10.2307/27040260,
 ISSN = {23826444},
 URL = {https://www.jstor.org/stable/27040260},
 abstract = {This paper explores how the intersection of conspiracy theories and violent extremism is producing new forms of terrorism, while making a case for their inclusion in the broader Preventing and Countering Violent Extremism (PCVE) frameworks. Extremist groups across the ideological spectrum have absorbed conspiracy theories during the COVID-19 pandemic and its long-term effects require vigilance.},
 author = {Abdul Basit},
 journal = {Counter Terrorist Trends and Analyses},
 number = {3},
 pages = {1--9},
 publisher = {International Centre for Political Violence and Terrorism Research},
 title = {Conspiracy Theories and Violent Extremism: Similarities, Differences and the Implications},
 volume = {13},
 year = {2021}
}

@inproceedings{akbik2019flair,
  title={FLAIR: An easy-to-use framework for state-of-the-art NLP},
  author={Akbik, Alan and Bergmann, Tanja and Blythe, Duncan and Rasul, Kashif and Schweter, Stefan and Vollgraf, Roland},
  booktitle={{NAACL} 2019, 2019 Annual Conference of the North American Chapter of the Association for Computational Linguistics (Demonstrations)},
  pages={54--59},
  year={2019}
}

@misc{2conspir6:online,
author = {},
title = {r/conspiracy - Reddit},
howpublished = {\url{https://www.reddit.com/r/conspiracy/}},
month = {},
year = {},
note = {(Accessed on 11/03/2021)}
}

@misc{cjhuttov0:online,
author = {cjhutto},
title = {cjhutto/vaderSentiment: VADER (Valence Aware Dictionary and sEntiment Reasoner) Sentiment Analysis.},
howpublished = {\url{https://github.com/cjhutto/vaderSentiment}},
month = {November},
year = {2014},
note = {(Accessed on 11/03/2021)}
}

@misc{Correlat12:online,
author = {StatisticsHowTo},
title = {Correlation Coefficient: Simple Definition, Formula, Easy Calculation Steps},
howpublished = {\url{https://www.statisticshowto.com/probability-and-statistics/correlation-coefficient-formula/}},
month = {},
year = {},
note = {(Accessed on 11/03/2021)}
}

@misc{COVID19c99:online,
author = {Gloria Henriquez},
title = {COVID-19 conspiracy theories deter some from getting vaccine - Montreal | Globalnews.ca},
howpublished = {\url{https://globalnews.ca/news/7976240/covid-19-conspiracy-theories-vaccine/}},
month = {July},
year = {2021},
note = {(Accessed on 11/03/2021)}
}

@misc{covid19d6:online,
author = {},
title = {Data on COVID-19 (coronavirus) - Our World in Data},
howpublished = {\url{https://github.com/owid/covid-19-data/tree/master/public/data/}},
month = {November},
year = {2021},
note = {(Accessed on 11/03/2021)}
}

@misc{Epoch0:online,
author = {},
title = {What is Unix Epoch?},
howpublished = {\url{https://www.epoch101.com/}},
month = {},
year = {},
note = {(Accessed on 11/03/2021)}
}

@misc{json—JSO77:online,
author = {},
title = {json — JSON encoder and decoder, Python 3.10.0 documentation},
howpublished = {\url{https://docs.python.org/3/library/json.html}},
month = {October},
year = {2021},
note = {(Accessed on 11/03/2021)}
}

@misc{OSRSBoxB42:online,
author = {},
title = {WaterCooler: Scraping an Entire Subreddit (/r/2007scape)},
howpublished = {\url{https://www.osrsbox.com/blog/2019/03/18/watercooler-scraping-an-entire-subreddit-2007scape/}},
month = {March},
year = {2019},
note = {(Accessed on 11/03/2021)}
}

@misc{PeopleWh91:online,
author = {Carolyn Crist},
title = {People Who Believe in COVID-19 Conspiracies More Likely to Catch Virus: Study},
howpublished = {\url{https://www.webmd.com/lung/news/20211102/believing-covid-conspiracies-more-likely-catch-virus-study}},
month = {November},
year = {2021},
note = {(Accessed on 11/03/2021)}
}

@misc{pushshif39:online,
author = {PushShift},
title = {pushshift/api: Pushshift Reddit API Documentation},
howpublished = {\url{https://github.com/pushshift/api}},
month = {October},
year = {2019},
note = {(Accessed on 11/03/2021)}
}